@article{concept_big_data_definition,
    author =       "Peter Michalik, Jan Stofa, Iveta Zolotova",
    title =        "Concept definition for Big Data architecture in the education system",
	publisher = 	"IEEE",
    pages =        "331-334",
    year =         "2014",
    ISBN = "978-1-4799-3442-3"
}